<record><leader>00000cas a22000007a 4500</leader><controlfield tag="001">19926505</controlfield><controlfield tag="008">890626d18791886mauwr ne      0    0eng d</controlfield><datafield ind1=" " ind2=" " tag="010"><subfield code="a">sn 89062050 </subfield></datafield><datafield ind1=" " ind2=" " tag="040"><subfield code="a">MGN</subfield><subfield code="b">eng</subfield><subfield code="c">MGN</subfield><subfield code="d">OCLCQ</subfield></datafield><datafield ind1=" " ind2=" " tag="042"><subfield code="a">msc</subfield></datafield><datafield ind1="0" ind2="4" tag="245"><subfield code="a">The Braintree observer and old colony advertiser.</subfield></datafield><datafield ind1=" " ind2=" " tag="260"><subfield code="a">South Braintree [Braintree], Mass. :</subfield><subfield code="b">Daniel H. Huxford</subfield></datafield><datafield ind1=" " ind2=" " tag="300"><subfield code="a">v.</subfield></datafield><datafield ind1=" " ind2=" " tag="310"><subfield code="a">Weekly</subfield></datafield><datafield ind1="0" ind2=" " tag="362"><subfield code="a">Vol. 12, no. 13 (Mar. 29, 1879)-</subfield></datafield><datafield ind1="1" ind2=" " tag="362"><subfield code="a">Ceased Nov. 1886?</subfield></datafield><datafield ind1=" " ind2=" " tag="752"><subfield code="a">United States</subfield><subfield code="b">Massachusetts</subfield><subfield code="c">Norfolk</subfield><subfield code="d">Braintree.</subfield></datafield><datafield ind1="0" ind2="0" tag="780"><subfield code="t">Braintree observer (Braintree, Mass. : 1878)</subfield><subfield code="w">(DLC)sn 87090520</subfield></datafield><datafield ind1="0" ind2="0" tag="785"><subfield code="t">Braintree observer (Braintree, Mass. : 1886)</subfield><subfield code="w">(DLC)sn 89062051</subfield></datafield></record>